@article{ic,
   author = {Bruno Bollos Correa, Flavio Tonidandel},
   title = {Análise de técnicas de aprendizado supervisionado aplicadas na avaliação de sucesso de ações no futebol de robôs},
   journal = {SICFEI},
   volume = {XII},
   number = {17},
   year = {2022}
}
